@ONLINE{pcgwiki,
	Author = {Doull, Andrew},
	Title = {Procedural Generation Content Wiki},
	Year = {2013},
	Url = {http://pcg.wikidot.com/},
}


@article{TaxonomySearchBasePCG,
	Author = {T. Julian and N. Georgios and O. Kenneth and B. Cameron},
	Title = {Search-based Procedural Content Generation: A Taxonomy and Survey},
	Year = {2011},
	Address = {IT University of Copenhagen, University of Central Florida and Imperial College London},
}

@ONLINE{ArTerrainGen,
	Author = {Discoe, Ben},
	Title = {Artificial Terrain Generation},
	Year = {2013},
	Url = {http://vterrain.org/Elevation/Artificial},
}

@ONLINE{Decipher,
	Author = {Goksel Goktas},
	Title = {Controlled Chaos - Procedural Content Generation},
	Year = {2013},
	Url = {http://www.youtube.com/watch?v=fZPyj-53lSU},
}


@article{automaticDunGen,
	Author = {Adams, David},
	Title = {Automatic Generation of Dungeons for Computer Games},
	Year = {2002},
	Address = {The University of Sheffield},
}

@ONLINE{Voronoid,
	Author = {naughtyyt},
	Title = {Graph Grammar based Procedural Generation for a Roguelike},
	Year = {2013},
	Url = {http://www.youtube.com/watch?v=RAtdFKiqs34},
}

@ONLINE{Noel,
	Author = {Jeffrey Tompson},
	Title = {PROCEDURAL GENERATION - THE CAVES},
	Year = {2011},
	Url = {http://noelberry.ca/2011/04/procedural-generation-the-caves},
}

@article{DesAud,
	Author = {Farnell, Andy},
	Title = {Designing Sound},
	Year = {2010},
}

@ONLINE{DesAudVid,
	Author = {Farnell, Andy},
	Title = {Procedural computational audio. Palestra, parte 3},
	Year = {2013},
	Url = {http://www.youtube.com/watch?v=qUfOKBMlcuY},
}

@ONLINE{contest,
	Author = {Elliptic},
	Title = {Dungeon Crawl Stone Soup - Contest Results},
	Year = {2013},
	Url = {http://crawl.develz.org/wordpress/0-13-tournament-results},
}


% Referencias a Jogos
@ONLINE{tome,
	Author = {darkgod},
	Title = {Tales Of Maj'Eyal},
	Year = {2013},
	Url = {http://te4.org},
}

@ONLINE{chunsoft,
  Author = {Chunsoft},
  Title = {Chunsoft - Pokemon Mistery Dungeon Page (jp)},
  Year = { 2013 },
  Url = {http://www.spike-chunsoft.co.jp/games/pokedun/},
}

@ONLINE{izuna,
	Author = {Chunsoft},
	Title = {Izuna Legend of the Unemployed Ninja},
	Year = {2013},
	Url = {http://www.atlus.com/izuna/},
}

@ONLINE{dredmor,
	Author = {Dungeons of Dredmor},
	Title = {Dungeons of Dredmor},
	Year = {2013},
	Url = {http://dungeonsofdredmor.com/},
}

@ONLINE {moria,
  Author = {Robert Alan Koeneke},
  Title = {Moria - Wikipedia},
  Year = {2013},
  Url = {http://roguebasin.roguelikedevelopment.org/index.php?title=Moria},
}

@ONLINE {depthsearch,
  Author = {Wiki},
  Title = {Depth-First search},
  Year = {2013},
  Url = {http://en.wikipedia.org/wiki/Depth-first_search},
}

@ONLINE {Astar,
  Author = {Wiki},
  Title = {A* search algorithm},
  Year = {2013},
  Url = {http://en.wikipedia.org/wiki/A*_search_algorithm},
}


@ONLINE {normal,
  Author = {Estatcamp},
  Title = {Distribuição Normal},
  Year = {2011},
  Url = {http://www.portalaction.com.br/content/62-distribuição-normal},
}

@ONLINE {roguelike,
  Author = {roguetemple},
  Title = {Roguelike Definition 2.0},
  Year = {2013},
  Url = {http://www.roguetemple.com/roguelike-definition/},
}

@inproceedings{montgomery,
	Author = {Montgomery, Douglas and Runger, George },
	Title = {Applied Statistics and Probability For Engineers},
	Year = {2003},
	Pages = {98-116},
	Booktitle = {Applied Statistics and Probability For Engineers - Third Edition}, 
	Volume = {1},	
}

@book{ gamestoplay,
editor = {Tony Mott}, 
title      = {1001 Videogames para jogar antes de morrer},
publisher = {Editora Sextante},
year = {2013},
}

@ONLINE {letsplay1,
  Author = {One F Jef},
  Title = {Let's Play Caves of Qud 01},
  Year = {2011},
  Url = {http://www.youtube.com/watch?v=jKk9eSTLisQ},
}
@ONLINE {letsplay2,
  Author = {Ryan Fry},
  Title = {Let's Play Angband},
  Year = {2009},
  Url = {http://www.youtube.com/watch?v=TvZhkRkEoZc},
}
@ONLINE {letsplay3,
  Author = {TheUberHunter},
  Title = {Let's Play Caves of Qud(P1)},
  Year = {2012},
  Url = {http://www.youtube.com/watch?v=OAfxXY-mZR8},
}

@book{ tolkien,
editor = {J. R. R. Tolkien}, 
title      = {O Senhor dos Anéis - Edição Completa},
publisher = {MARTINS FONTES},
year = {2001},
}
